@article{reg_rushby,
	author    = {John M. Rushby and
	Friedrich W. von Henke},
	title     = {Formal Verification of Algorithms for Critical Systems},
	journal   = {{IEEE} Trans. Software Eng.},
	volume    = {19},
	number    = {1},
	pages     = {13--23},
	year      = {1993},
	url       = {https://doi.org/10.1109/32.210304},
	doi       = {10.1109/32.210304},
	timestamp = {Wed, 17 May 2017 10:56:37 +0200},
	biburl    = {https://dblp.org/rec/bib/journals/tse/RushbyH93},
	bibsource = {dblp computer science bibliography, https://dblp.org}
}

@inproceedings{reg_luu,
	author    = {Anh Tuan Luu and
	Man Chun Zheng and
	Thanh Tho Quan},
	title     = {Modeling and Verification of Safety Critical Systems: {A} Case Study
	on Pacemaker},
	booktitle = {Fourth International Conference on Secure Software Integration and
	Reliability Improvement, {SSIRI} 2010, Singapore, June 9-11, 2010},
	pages     = {23--32},
	year      = {2010},
	crossref  = {DBLP:conf/ssiri/2010},
	url       = {https://doi.org/10.1109/SSIRI.2010.28},
	doi       = {10.1109/SSIRI.2010.28},
	timestamp = {Sun, 21 May 2017 00:17:12 +0200},
	biburl    = {https://dblp.org/rec/bib/conf/ssiri/TuanZT10},
	bibsource = {dblp computer science bibliography, https://dblp.org}
}
@proceedings{DBLP:conf/ssiri/2010,
	title     = {Fourth International Conference on Secure Software Integration and
	Reliability Improvement, {SSIRI} 2010, Singapore, June 9-11, 2010},
	publisher = {{IEEE} Computer Society},
	year      = {2010},
	url       = {http://ieeexplore.ieee.org/xpl/mostRecentIssue.jsp?punumber=5502777},
	isbn      = {978-0-7695-4086-3},
	timestamp = {Wed, 03 Dec 2014 17:29:15 +0100},
	biburl    = {https://dblp.org/rec/bib/conf/ssiri/2010},
	bibsource = {dblp computer science bibliography, https://dblp.org}
}

@article{reg_higham,
	title={Defining and comparing memory consistency models},
	author={Higham, Lisa and Kawash, Jalal and Verwaal, Nathaly},
	year={1997},
	publisher={University of Calgary}
}

@inproceedings{reg_blazy,
	author    = {Sandrine Blazy and
	Xavier Leroy},
	title     = {Formal Verification of a Memory Model for \emph{C}-Like Imperative
	Languages},
	booktitle = {Formal Methods and Software Engineering, 7th International Conference
	on Formal Engineering Methods, {ICFEM} 2005, Manchester, UK, November
	1-4, 2005, Proceedings},
	pages     = {280--299},
	year      = {2005},
	crossref  = {DBLP:conf/icfem/2005},
	url       = {https://doi.org/10.1007/11576280\_20},
	doi       = {10.1007/11576280\_20},
	timestamp = {Tue, 14 May 2019 10:00:50 +0200},
	biburl    = {https://dblp.org/rec/bib/conf/icfem/BlazyL05},
	bibsource = {dblp computer science bibliography, https://dblp.org}
}
@proceedings{DBLP:conf/icfem/2005,
	editor    = {Kung{-}Kiu Lau and
	Richard Banach},
	title     = {Formal Methods and Software Engineering, 7th International Conference
	on Formal Engineering Methods, {ICFEM} 2005, Manchester, UK, November
	1-4, 2005, Proceedings},
	series    = {Lecture Notes in Computer Science},
	volume    = {3785},
	publisher = {Springer},
	year      = {2005},
	url       = {https://doi.org/10.1007/11576280},
	doi       = {10.1007/11576280},
	isbn      = {3-540-29797-9},
	timestamp = {Tue, 14 May 2019 10:00:50 +0200},
	biburl    = {https://dblp.org/rec/bib/conf/icfem/2005},
	bibsource = {dblp computer science bibliography, https://dblp.org}
}

@inproceedings{reg_mansky,
	author    = {William Mansky and
	Dmitri Garbuzov and
	Steve Zdancewic},
	title     = {An Axiomatic Specification for Sequential Memory Models},
	booktitle = {Computer Aided Verification - 27th International Conference, {CAV}
	2015, San Francisco, CA, USA, July 18-24, 2015, Proceedings, Part
	{II}},
	pages     = {413--428},
	year      = {2015},
	crossref  = {DBLP:conf/cav/2015},
	url       = {https://doi.org/10.1007/978-3-319-21668-3\_24},
	doi       = {10.1007/978-3-319-21668-3\_24},
	timestamp = {Tue, 14 May 2019 10:00:43 +0200},
	biburl    = {https://dblp.org/rec/bib/conf/cav/ManskyGZ15},
	bibsource = {dblp computer science bibliography, https://dblp.org}
}
@proceedings{DBLP:conf/cav/2015,
	editor    = {Daniel Kroening and
	Corina S. Pasareanu},
	title     = {Computer Aided Verification - 27th International Conference, {CAV}
	2015, San Francisco, CA, USA, July 18-24, 2015, Proceedings, Part
	{II}},
	series    = {Lecture Notes in Computer Science},
	volume    = {9207},
	publisher = {Springer},
	year      = {2015},
	url       = {https://doi.org/10.1007/978-3-319-21668-3},
	doi       = {10.1007/978-3-319-21668-3},
	isbn      = {978-3-319-21667-6},
	timestamp = {Tue, 14 May 2019 10:00:43 +0200},
	biburl    = {https://dblp.org/rec/bib/conf/cav/2015},
	bibsource = {dblp computer science bibliography, https://dblp.org}
}

@inproceedings{reg_marti,
	author    = {Nicolas Marti and
	Reynald Affeldt and
	Akinori Yonezawa},
	title     = {Formal Verification of the Heap Manager of an Operating System Using
	Separation Logic},
	booktitle = {Formal Methods and Software Engineering, 8th International Conference
	on Formal Engineering Methods, {ICFEM} 2006, Macao, China, November
	1-3, 2006, Proceedings},
	pages     = {400--419},
	year      = {2006},
	crossref  = {DBLP:conf/icfem/2006},
	url       = {https://doi.org/10.1007/11901433\_22},
	doi       = {10.1007/11901433\_22},
	timestamp = {Tue, 14 May 2019 10:00:50 +0200},
	biburl    = {https://dblp.org/rec/bib/conf/icfem/MartiAY06},
	bibsource = {dblp computer science bibliography, https://dblp.org}
}
@proceedings{DBLP:conf/icfem/2006,
	editor    = {Zhiming Liu and
	Jifeng He},
	title     = {Formal Methods and Software Engineering, 8th International Conference
	on Formal Engineering Methods, {ICFEM} 2006, Macao, China, November
	1-3, 2006, Proceedings},
	series    = {Lecture Notes in Computer Science},
	volume    = {4260},
	publisher = {Springer},
	year      = {2006},
	url       = {https://doi.org/10.1007/11901433},
	doi       = {10.1007/11901433},
	isbn      = {3-540-47460-9},
	timestamp = {Tue, 14 May 2019 10:00:50 +0200},
	biburl    = {https://dblp.org/rec/bib/conf/icfem/2006},
	bibsource = {dblp computer science bibliography, https://dblp.org}
}

@inproceedings{reg_mangano,
	author    = {Fr{\'{e}}d{\'{e}}ric Mangano and
	Simon Duquennoy and
	Nikolai Kosmatov},
	title     = {Formal Verification of a Memory Allocation Module of Contiki with
	Frama-C: {A} Case Study},
	booktitle = {Risks and Security of Internet and Systems - 11th International Conference,
	CRiSIS 2016, Roscoff, France, September 5-7, 2016, Revised Selected
	Papers},
	pages     = {114--120},
	year      = {2016},
	crossref  = {DBLP:conf/crisis/2016},
	url       = {https://doi.org/10.1007/978-3-319-54876-0\_9},
	doi       = {10.1007/978-3-319-54876-0\_9},
	timestamp = {Tue, 14 May 2019 10:00:41 +0200},
	biburl    = {https://dblp.org/rec/bib/conf/crisis/ManganoDK16},
	bibsource = {dblp computer science bibliography, https://dblp.org}
}
@proceedings{DBLP:conf/crisis/2016,
	editor    = {Fr{\'{e}}d{\'{e}}ric Cuppens and
	Nora Cuppens and
	Jean{-}Louis Lanet and
	Axel Legay},
	title     = {Risks and Security of Internet and Systems - 11th International Conference,
	CRiSIS 2016, Roscoff, France, September 5-7, 2016, Revised Selected
	Papers},
	series    = {Lecture Notes in Computer Science},
	volume    = {10158},
	publisher = {Springer},
	year      = {2017},
	url       = {https://doi.org/10.1007/978-3-319-54876-0},
	doi       = {10.1007/978-3-319-54876-0},
	isbn      = {978-3-319-54875-3},
	timestamp = {Tue, 14 May 2019 10:00:41 +0200},
	biburl    = {https://dblp.org/rec/bib/conf/crisis/2016},
	bibsource = {dblp computer science bibliography, https://dblp.org}
}

@inproceedings{reg_sahebolamri,
	author = {Arash Sahebolamri and Scott D. Constable and Steve J. Chapin},
	title = {A Formally Verified Heap Allocator},
	booktitle = {Electrical Engineering and Computer Science - Technical Reports, 182},
	year = {2018},
	url = {https://surface.syr.edu/eecs\_techreports/182}
}

@book{reg_Isabelle/HOL,
	title={Isabelle/HOL: a proof assistant for higher-order logic},
	author={Nipkow, Tobias and Paulson, Lawrence C and Wenzel, Markus},
	volume={2283},
	year={2002},
	publisher={Springer Science \& Business Media}
}

@article{reg_knowlton,
	author    = {Kenneth C. Knowlton},
	title     = {A fast storage allocator},
	journal   = {Commun. {ACM}},
	volume    = {8},
	number    = {10},
	pages     = {623--624},
	year      = {1965},
	url       = {https://doi.org/10.1145/365628.365655},
	doi       = {10.1145/365628.365655},
	timestamp = {Tue, 06 Nov 2018 12:51:38 +0100},
	biburl    = {https://dblp.org/rec/bib/journals/cacm/Knowlton65},
	bibsource = {dblp computer science bibliography, https://dblp.org}
}

@book{reg_mckusick,
	title={The design and implementation of the 4.4 BSD operating system},
	author={McKusick, Marshall Kirk and Bostic, Keith and Karels, Michael J and Quarterman, John S},
	year={1996},
	publisher={Pearson Education}
}

@book{reg_knuth,
 author = {Knuth, Donald E.},
 title = {The Art of Computer Programming, Volume 1 (3rd Ed.): Fundamental Algorithms},
 year = {1997},
 isbn = {0-201-89683-4},
 publisher = {Addison Wesley Longman Publishing Co., Inc.},
 address = {Redwood City, CA, USA}
}

@article{reg_securitymodel,
	author    = {Yongwang Zhao and
	David San{\'{a}}n and
	Fuyuan Zhang and
	Yang Liu},
	title     = {Refinement-Based Specification and Security Analysis of Separation
	Kernels},
	journal   = {{IEEE} Trans. Dependable Sec. Comput.},
	volume    = {16},
	number    = {1},
	pages     = {127--141},
	year      = {2019},
	url       = {https://doi.org/10.1109/TDSC.2017.2672983},
	doi       = {10.1109/TDSC.2017.2672983},
	timestamp = {Wed, 13 Feb 2019 23:02:01 +0100},
	biburl    = {https://dblp.org/rec/bib/journals/tdsc/ZhaoSZL19},
	bibsource = {dblp computer science bibliography, https://dblp.org}
}

@inproceedings{reg_noninterference,
	author    = {Joseph A. Goguen and
	Jos{\'{e}} Meseguer},
	title     = {Security Policies and Security Models},
	booktitle = {1982 {IEEE} Symposium on Security and Privacy, Oakland, CA, USA, April
	26-28, 1982},
	pages     = {11--20},
	year      = {1982},
	crossref  = {DBLP:conf/sp/1982},
	url       = {https://doi.org/10.1109/SP.1982.10014},
	doi       = {10.1109/SP.1982.10014},
	timestamp = {Fri, 26 May 2017 00:50:06 +0200},
	biburl    = {https://dblp.org/rec/bib/conf/sp/GoguenM82a},
	bibsource = {dblp computer science bibliography, https://dblp.org}
}
@proceedings{DBLP:conf/sp/1982,
	title     = {1982 {IEEE} Symposium on Security and Privacy, Oakland, CA, USA, April
	26-28, 1982},
	publisher = {{IEEE} Computer Society},
	year      = {1982},
	url       = {http://ieeexplore.ieee.org/xpl/mostRecentIssue.jsp?punumber=6234453},
	isbn      = {0-8186-0410-7},
	timestamp = {Thu, 08 Jan 2015 17:04:46 +0100},
	biburl    = {https://dblp.org/rec/bib/conf/sp/1982},
	bibsource = {dblp computer science bibliography, https://dblp.org}
}
